<record xmlns="http://www.loc.gov/MARC21/slim" xmlns:xsi="http://www.w3.org/2001/XMLSchema-instance" xsi:schemaLocation="http://www.loc.gov/MARC21/slim http://www.loc.gov/standards/marcxml/schema/MARC21slim.xsd"><leader>03034nam a2200469   4500</leader><controlfield tag="001">001683078</controlfield><controlfield tag="003">NNU</controlfield><controlfield tag="006">m        d        </controlfield><controlfield tag="007">cr cn |||m|||a</controlfield><controlfield tag="008">150223m19251931ua h    o     000 p ara c</controlfield><datafield ind1=" " ind2=" " tag="040"><subfield code="a">NNU</subfield><subfield code="b">eng</subfield><subfield code="e">rda</subfield><subfield code="c">NNU</subfield></datafield><datafield ind1=" " ind2="4" tag="050"><subfield code="a">PJ7750</subfield><subfield code="b">.M5 1925</subfield></datafield><datafield ind1="1" ind2=" " tag="100"><subfield code="6">880-01</subfield><subfield code="a">Daylami&#772;, Mihya&#772;r ibn Marzawayh,</subfield><subfield code="d">-1036 or 1037,</subfield><subfield code="e">author.</subfield></datafield><datafield ind1="1" ind2="0" tag="245"><subfield code="6">880-02</subfield><subfield code="a">Di&#772;wa&#772;n Mihya&#772;r al-Daylami&#772;.</subfield></datafield><datafield ind1=" " ind2=" " tag="250"><subfield code="6">880-03</subfield><subfield code="a">al-T&#803;ab&#699;ah al-u&#772;la&#769;.</subfield></datafield><datafield ind1=" " ind2="1" tag="264"><subfield code="6">880-04</subfield><subfield code="a">al-Qa&#772;hirah,</subfield><subfield code="b">Mat&#803;ba&#699;at Da&#772;r al-Kutub al-Mis&#803;ri&#772;yah,</subfield><subfield code="c">1925-1931.</subfield></datafield><datafield ind1=" " ind2=" " tag="300"><subfield code="a">online resource (4 volumes) :</subfield><subfield code="b">facsimiles</subfield></datafield><datafield ind1=" " ind2=" " tag="336"><subfield code="a">text</subfield><subfield code="2">rdacontent</subfield></datafield><datafield ind1=" " ind2=" " tag="337"><subfield code="a">computer</subfield><subfield code="2">rdamedia</subfield></datafield><datafield ind1=" " ind2=" " tag="338"><subfield code="a">online resource</subfield><subfield code="2">rdacarrier</subfield></datafield><datafield ind1=" " ind2=" " tag="500"><subfield code="6">880-05</subfield><subfield code="a">At head of title page: Da&#772;r al-Kutub al-Mis&#803;ri&#772;yah, al-Qism al-Adabi&#772;.</subfield></datafield><datafield ind1=" " ind2=" " tag="500"><subfield code="a">Part of the Arabic Collections Online (ACO) project, contributed by New York Univeristy Libraries.</subfield></datafield><datafield ind1="0" ind2=" " tag="505"><subfield code="6">880-06</subfield><subfield code="a">al-juz&#700; 1. Qa&#772;fiyat al-alif - al-ra&#772;&#700; -- al-juz&#700; 2. Tatimmat qa&#772;fiyat al-ra&#772;&#700;- al-ka&#772;f -- al-juz&#700; 3. Qa&#772;fiyat al-la&#772;m - al-mim -- al-juz&#700; 4. Baqi&#772;yat qa&#772;fiyat al-mi&#772;m - al-ya&#772;&#700;.</subfield></datafield><datafield ind1=" " ind2=" " tag="500"><subfield code="a">This collection was purchased from Professor Michael Zwettler after his death, Ohio State University, Department of Near Eastern Languages and Cultures.</subfield></datafield><datafield ind1=" " ind2=" " tag="533"><subfield code="a">Electronic reproduction.</subfield><subfield code="b">New York, N.Y. :</subfield><subfield code="c">New York University,</subfield><subfield code="d">2015.</subfield><subfield code="5">NNU</subfield></datafield><datafield ind1="1" ind2=" " tag="700"><subfield code="a">Zwettler, Michael.</subfield></datafield><datafield ind1="2" ind2=" " tag="710"><subfield code="6">880-07</subfield><subfield code="a">Da&#772;r al-Kutub al-Mis&#803;ri&#772;yah.</subfield><subfield code="b">Qism al-Adabi&#772;.</subfield></datafield><datafield ind1="2" ind2=" " tag="710"><subfield code="a">Ohio State University.</subfield><subfield code="b">Department of Near Eastern Languages and Cultures.</subfield></datafield><datafield ind1="2" ind2=" " tag="710"><subfield code="a">New York University.</subfield><subfield code="b">Libraries.</subfield></datafield><datafield ind1="0" ind2=" " tag="730"><subfield code="a">Arabic Collections Online.</subfield></datafield><datafield ind1="0" ind2="8" tag="776"><subfield code="i">Online version:</subfield><subfield code="a">Mihya&#772;r ibn Marzawayh al-Daylami&#772;, -1037.</subfield><subfield code="t">Di&#772;wa&#772;n Mihya&#772;r al-Daylami&#772;.</subfield><subfield code="b">al-T&#803;ab&#699;ah 1.</subfield><subfield code="d">al-Qa&#772;hirah, Mat&#803;ba&#699;at Da&#772;r al-Kutub al-Mis&#803;ri&#772;yah [1925-31]</subfield><subfield code="w">(OCoLC)569139107</subfield></datafield><datafield ind1="0" ind2="8" tag="776"><subfield code="i">Print version:</subfield><subfield code="a">Daylami&#772;, Mihya&#772;r ibn Marzawayh, -1036 or 1037, author.</subfield><subfield code="t">Di&#772;wa&#772;n Mihya&#772;r al-Daylami&#772;</subfield><subfield code="w">(NNU)001683078</subfield><subfield code="w">(DLC)   60029018</subfield></datafield><datafield ind1="4" ind2="0" tag="856"><subfield code="u">http://hdl.handle.net/2333.1/15dv43wn</subfield></datafield><datafield ind1="1" ind2=" " tag="880"><subfield code="6">100-01/</subfield><subfield code="a">&#1583;&#1610;&#1604;&#1605;&#1610;&#1548; &#1605;&#1607;&#1610;&#1575;&#1585; &#1576;&#1606; &#1605;&#1585;&#1586;&#1608;&#1610;&#1607;&#1548;</subfield><subfield code="d">-1036 or 1037,</subfield><subfield code="e">author.</subfield></datafield><datafield ind1="1" ind2="0" tag="880"><subfield code="6">245-02/</subfield><subfield code="a">&#1583;&#1610;&#1608;&#1575;&#1606; &#1605;&#1607;&#1610;&#1575;&#1585; &#1575;&#1604;&#1583;&#1610;&#1604;&#1605;&#1610;.</subfield></datafield><datafield ind1=" " ind2=" " tag="880"><subfield code="6">250-03/</subfield><subfield code="a">&#1575;&#1604;&#1591;&#1576;&#1593;&#1577; &#1575;&#1604;&#1571;&#1608;&#1604;&#1609;.</subfield></datafield><datafield ind1=" " ind2="1" tag="880"><subfield code="6">264-04/</subfield><subfield code="a">&#1575;&#1604;&#1602;&#1575;&#1607;&#1585;&#1577; :</subfield><subfield code="b">&#1605;&#1591;&#1576;&#1593;&#1577; &#1583;&#1575;&#1585; &#1575;&#1604;&#1603;&#1578;&#1576; &#1575;&#1604;&#1605;&#1589;&#1585;&#1610;&#1577;&#1548;</subfield><subfield code="c">1925-1931.</subfield></datafield><datafield ind1=" " ind2=" " tag="880"><subfield code="6">500-05/</subfield><subfield code="a">At head of title page: &#1583;&#1575;&#1585; &#1575;&#1604;&#1603;&#1578;&#1576; &#1575;&#1604;&#1605;&#1589;&#1585;&#1610;&#1577;&#1548; &#1575;&#1604;&#1602;&#1587;&#1605; &#1575;&#1604;&#1575;&#1583;&#1576;&#1610;.</subfield></datafield><datafield ind1="0" ind2=" " tag="880"><subfield code="6">505-06/</subfield><subfield code="a">&#1575;&#1604;&#1580;&#1586;&#1569; 1. &#1602;&#1575;&#1601;&#1610;&#1577; &#1575;&#1604;&#1571;&#1604;&#1601; - &#1575;&#1604;&#1585;&#1575;&#1569; -- &#1575;&#1604;&#1580;&#1586;&#1569; 2. &#1578;&#1578;&#1605;&#1577; &#1602;&#1575;&#1601;&#1610;&#1577; &#1575;&#1604;&#1585;&#1575;&#1569; - &#1575;&#1604;&#1603;&#1575;&#1601; -- &#1575;&#1604;&#1580;&#1586;&#1569; 3. &#1602;&#1575;&#1601;&#1610;&#1577; &#1575;&#1604;&#1604;&#1575;&#1605; - &#1575;&#1604;&#1605;&#1605; -- &#1575;&#1604;&#1580;&#1586;&#1569; 4. &#1576;&#1602;&#1610;&#1577; &#1602;&#1575;&#1601;&#1610;&#1577; &#1575;&#1604;&#1605;&#1610;&#1605; - &#1575;&#1604;&#1610;&#1575;&#1569;.</subfield></datafield><datafield ind1="2" ind2=" " tag="880"><subfield code="6">710-07/</subfield><subfield code="a">&#1583;&#1575;&#1585; &#1575;&#1604;&#1603;&#1578;&#1576; &#1575;&#1604;&#1605;&#1589;&#1585;&#1610;&#1577;.</subfield><subfield code="b">&#1602;&#1587;&#1605; &#1575;&#1604;&#1571;&#1583;&#1576;&#1610;.</subfield></datafield><datafield ind1=" " ind2=" " tag="959"><subfield code="a">NNU</subfield><subfield code="b">WEB</subfield><subfield code="c">GENI</subfield><subfield code="t">0</subfield><subfield code="m">Electronic access</subfield><subfield code="s">01</subfield></datafield><datafield ind1=" " ind2=" " tag="999"><subfield code="i">NNU_001683078</subfield><subfield code="s">nyu_aco000114:v.1</subfield><subfield code="s">nyu_aco000115:v.2</subfield><subfield code="s">nyu_aco000116:v.3</subfield><subfield code="s">nyu_aco000117:v.4</subfield><subfield code="e">(ERROR-880)</subfield></datafield></record>